% ....názov súboru je: literatura.bib
% kniha
@INPROCEEDINGS{123,
  author={Abrams, Zara},
  journal={IEEE Pulse}, 
  title={Enhancing Mental Health Care With VR}, 
  year={2022},
  volume={13},
  number={5},
  pages={16-20},
  doi={10.1109/MPULS.2022.3208824}}